/Users/carlo/data/docs/Mendeley BibTeX/thesis.bib